<record><leader>00000cas a2200000 a 4500</leader><controlfield tag="001">27002159</controlfield><controlfield tag="008">921119d191519uuiluwr ne      0   b0dut c</controlfield><datafield ind1=" " ind2=" " tag="010"><subfield code="a">sn 92053969 </subfield></datafield><datafield ind1=" " ind2=" " tag="040"><subfield code="a">NVF</subfield><subfield code="b">eng</subfield><subfield code="c">NVF</subfield><subfield code="d">OCLCQ</subfield><subfield code="d">NVF</subfield><subfield code="d">OCLCQ</subfield><subfield code="d">OCLCF</subfield><subfield code="d">OCLCO</subfield><subfield code="d">NVF</subfield><subfield code="d">OCLCO</subfield></datafield><datafield ind1="1" ind2=" " tag="029"><subfield code="a">AU@</subfield><subfield code="b">000020745649</subfield></datafield><datafield ind1=" " ind2=" " tag="042"><subfield code="a">pcc</subfield></datafield><datafield ind1=" " ind2=" " tag="043"><subfield code="a">n-us-il</subfield></datafield><datafield ind1="0" ind2=" " tag="130"><subfield code="a">Nieuwe wereld (Moline, Ill.)</subfield></datafield><datafield ind1="1" ind2="3" tag="245"><subfield code="a">De nieuwe wereld.</subfield></datafield><datafield ind1=" " ind2=" " tag="260"><subfield code="a">Moline, Ill. :</subfield><subfield code="b">Jerome Venas,</subfield><subfield code="c">1915-[19--?]</subfield></datafield><datafield ind1=" " ind2=" " tag="300"><subfield code="a">v.</subfield></datafield><datafield ind1=" " ind2=" " tag="310"><subfield code="a">Weekly</subfield></datafield><datafield ind1="0" ind2=" " tag="362"><subfield code="a">1ste jaar, nr. 1 (29 Apr. 1915)-</subfield></datafield><datafield ind1=" " ind2=" " tag="546"><subfield code="a">In Flemish.</subfield></datafield><datafield ind1=" " ind2=" " tag="588"><subfield code="a">Latest issue consulted: Feb. 24, 1916.</subfield></datafield><datafield ind1=" " ind2="0" tag="650"><subfield code="a">Flemish Americans</subfield><subfield code="z">Illinois</subfield><subfield code="z">Moline</subfield><subfield code="v">Newspapers.</subfield></datafield><datafield ind1=" " ind2="0" tag="650"><subfield code="a">Belgian Americans</subfield><subfield code="z">Illinois</subfield><subfield code="z">Moline</subfield><subfield code="v">Newspapers.</subfield></datafield><datafield ind1=" " ind2="0" tag="650"><subfield code="a">Flemish newspapers</subfield><subfield code="z">United States</subfield><subfield code="z">Illinois</subfield><subfield code="z">Moline.</subfield></datafield><datafield ind1=" " ind2="0" tag="650"><subfield code="a">Belgian newspapers</subfield><subfield code="z">United States</subfield><subfield code="z">Illinois</subfield><subfield code="z">Moline.</subfield></datafield><datafield ind1=" " ind2="0" tag="651"><subfield code="a">Moline (Ill.)</subfield><subfield code="v">Newspapers.</subfield></datafield><datafield ind1=" " ind2="7" tag="650"><subfield code="a">Belgian Americans.</subfield><subfield code="2">fast</subfield><subfield code="0">(OCoLC)fst00830069</subfield></datafield><datafield ind1=" " ind2="7" tag="651"><subfield code="a">Illinois</subfield><subfield code="z">Moline.</subfield><subfield code="2">fast</subfield><subfield code="0">(OCoLC)fst01210118</subfield></datafield><datafield ind1=" " ind2="7" tag="655"><subfield code="a">Newspapers.</subfield><subfield code="2">fast</subfield><subfield code="0">(OCoLC)fst01423814</subfield></datafield><datafield ind1=" " ind2=" " tag="752"><subfield code="a">United States</subfield><subfield code="b">Illinois</subfield><subfield code="c">Rock Island</subfield><subfield code="d">Moline.</subfield></datafield></record>